@TechReport{jsr335,
  Title                    = {\textsc{JSR} 335: Lambda \textsc{E}xpressions for the \textsc{J}ava \textsc{TM} \textsc{P}rogramming \textsc{L}anguage},
  Author                   = {Goetz, B. and Forax, R. and Lea, D. and Lee, B.},
  Institution              = {Oracle},
  Year                     = {2014}
}

