@inproceedings{jsr335,
  title       = {State of the Lambda},
  author      = {Goetz, B. and Forax, R. and Lea, D. and Lee, B.},
  type        = {White Paper},
  month       = {Sept},
  year        = {2013},
  affiliation = {Oracle},
  url         = {http://cr.openjdk.java.net/~briangoetz/lambda/lambda-state-final.html}
}

@inproceedings{goetz2012translation,
  title       = {Translation of Lambda Expressions},
  author      = {Goetz, B.},
  type        = {White Paper},
  month       = {Apri},
  year        = {2012},
  affiliation = {Oracle},
  url         = {http://cr.openjdk.java.net/~briangoetz/lambda/lambda-translation.html}
}

@book{michaelson2011introduction,
  title       = {An Introduction to Functional Programming Through Lambda Calculus},
  author      = {Michaelson, Greg},
  year        = {2011},
  publisher   = {Courier Corporation}
}

@book{louden2011programming,
  title       = {Programming Languages: Principles and Practices},
  author      = {Louden, Kenneth and others},
  year        = {2011},
  publisher   = {Cengage Learning}
}

@article{hudak1989conception,
  title       = {Conception, Evolution, and Application of Functional Programming Languages},
  author      = {Hudak, Paul},
  journal     = {ACM Computing Surveys (CSUR)},
  volume      = {21},
  number      = {3},
  pages       = {359--411},
  year        = {1989},
  publisher   = {ACM}
}

@book{hunt2011java,
  title       = {Java Performance},
  author      = {Hunt, Charlie and John, Binu},
  year        = {2011},
  publisher   = {Prentice Hall Press}
}